<record><leader>00000cas a22000007a 4500</leader><controlfield tag="001">11914713</controlfield><controlfield tag="008">850413d18711880ohuwr ne      0    0eng d</controlfield><datafield ind1=" " ind2=" " tag="010"><subfield code="a">sn 85038212 </subfield></datafield><datafield ind1=" " ind2=" " tag="040"><subfield code="a">NPY</subfield><subfield code="b">eng</subfield><subfield code="c">NPY</subfield><subfield code="d">OCLCQ</subfield></datafield><datafield ind1=" " ind2=" " tag="042"><subfield code="a">msc</subfield></datafield><datafield ind1="0" ind2=" " tag="130"><subfield code="a">Exponent (Oak Harbor, Ohio)</subfield></datafield><datafield ind1="1" ind2="4" tag="245"><subfield code="a">The Exponent.</subfield></datafield><datafield ind1=" " ind2=" " tag="260"><subfield code="a">Oak Harbor, Ohio :</subfield><subfield code="b">R. Stanbery</subfield></datafield><datafield ind1=" " ind2=" " tag="300"><subfield code="a">v. ;</subfield><subfield code="c">54 cm.</subfield></datafield><datafield ind1=" " ind2=" " tag="310"><subfield code="a">Weekly</subfield></datafield><datafield ind1="1" ind2=" " tag="362"><subfield code="a">Began with Apr. 27, 1871 issue; ceased in 1880.</subfield><subfield code="z">Cf. Gutgesell, S. Guide to Ohio newspapers, 1974.</subfield></datafield><datafield ind1=" " ind2=" " tag="500"><subfield code="a">Editor: R. Stanbery, &lt;1871&gt;.</subfield></datafield><datafield ind1=" " ind2=" " tag="588"><subfield code="a">Description based on: Vol. 1, no. 8 (June 9, 1871).</subfield></datafield><datafield ind1="1" ind2=" " tag="700"><subfield code="a">Stanbery, R.</subfield></datafield><datafield ind1=" " ind2=" " tag="752"><subfield code="a">United States</subfield><subfield code="b">Ohio</subfield><subfield code="c">Ottawa</subfield><subfield code="d">Oak Harbor.</subfield></datafield><datafield ind1="0" ind2="0" tag="785"><subfield code="t">Ottawa County exponent</subfield><subfield code="w">(DLC)sn 85038213</subfield></datafield><datafield ind1="1" ind2=" " tag="029"><subfield code="a">AU@</subfield><subfield code="b">000025791916</subfield></datafield></record>